%% LaTeX2e file `presentation.bib'
%% generated by the `filecontents' environment
%% from source `presentation' on 2018/03/19.
%%
 @article{MoWi2009,
  Author  = {J.J. Mor\'e and S.M. Wild},
  Title   = {Benchmarking Derivative-Free Optimization Algorithms},
  Journal = {SIAM Journal on Optimization},
  Volume  = {20},
  Number  = {1},
  Pages   = {172--191},
  Doi     = {10.1137/080724083},
  Url     = {http://dx.doi.org/10.1137/080724083},
  Year    = {2009}
 }
 @techreport{AuTr17,
  Author = {C. Audet and C. Tribes},
  Number = {Les Cahiers du GERAD G-2017-90},
  Title = {Mesh-based Nelder-Mead algorithm for inequality constrained
   optimization},
  Year = {2017}
 }
 @article {TaWa08,
  author = {Tao, J. and Wang, N.},
  title = {DNA Double Helix Based Hybrid GA for the Gasoline Blending Recipe Optimization Problem},
  journal = {Chemical Engineering \& Technology},
  volume = {31},
  number = {3},
  publisher = {WILEY-VCH Verlag},
  issn = {1521-4125},
  url = {http://dx.doi.org/10.1002/ceat.200700322},
  doi = {10.1002/ceat.200700322},
  pages = {440--451},
  keywords = {DNA, Hybrid genetic algorithm, Modeling, Optimization},
  year = {2008},
 }
 @article{AuBeLe08,
  Author    = {C. Audet and V. B\'echard and S. {Le~Digabel}},
  Title     = {Nonsmooth optimization through Mesh Adaptive Direct Search
   and Variable Neighborhood Search},
  Journal   = {Journal of Global Optimization},
  Volume    = {41},
  Number    = {2},
  Pages     = {299--318},
  Publisher = {Springer},
  Issn      = {0925-5001 (Print) 1573-2916 (Online)},
  Doi       = {10.1007/s10898-007-9234-1},
  Url       = {http://dx.doi.org/doi:10.1007/s10898-007-9234-1},
  Year      = {2008},
  Date-Modified = {2014-12-03}
 }
